<?xml version="1.0" encoding="UTF-8"?><collection xmlns="http://www.loc.gov/MARC21/slim"><record><leader>00398nam--2200145-i-4500</leader><controlfield tag="001">000008102</controlfield><controlfield tag="002">20161230</controlfield><controlfield tag="005">20161230201027</controlfield><controlfield tag="008">060222s1000------------r-----000-0-eng-d</controlfield><datafield ind1=" " ind2=" " tag="080"><subfield code="a">537.222.22:538.9</subfield></datafield><datafield ind1=" " ind2=" " tag="100"><subfield code="a">Corbett, James W</subfield></datafield><datafield ind1=" " ind2=" " tag="245"><subfield code="a">Electron radiation damage in seconductors and metals</subfield></datafield><datafield ind1=" " ind2=" " tag="260"><subfield code="a">New York,Academic Press, 1966 X + 410 P</subfield></datafield><datafield ind1=" " ind2=" " tag="490"><subfield code="a">Solid State Physics</subfield></datafield><datafield ind1=" " ind2=" " tag="852"><subfield code="a">11711</subfield></datafield></record></collection>